<?xml version="1.0" encoding="UTF-8"?><record xmlns="http://www.loc.gov/MARC21/slim" xmlns:cinclude="http://apache.org/cocoon/include/1.0" xmlns:zs="http://www.loc.gov/zing/srw/">
  <leader>00493nz  a2200133n  4500</leader>
  <controlfield tag="001">nb2005019053</controlfield>
  <controlfield tag="003">DLC</controlfield>
  <controlfield tag="005">20051205051108.0</controlfield>
  <controlfield tag="008">051202n| acannaabn          |n ana      </controlfield>
  <datafield tag="010" ind1=" " ind2=" ">
    <subfield code="a">nb2005019053</subfield>
  </datafield>
  <datafield tag="035" ind1=" " ind2=" ">
    <subfield code="a">(Uk)006341580</subfield>
  </datafield>
  <datafield tag="040" ind1=" " ind2=" ">
    <subfield code="a">Uk</subfield>
    <subfield code="b">eng</subfield>
    <subfield code="c">Uk</subfield>
  </datafield>
  <datafield tag="110" ind1="2" ind2=" ">
    <subfield code="a">South Western Circle</subfield>
  </datafield>
  <datafield tag="670" ind1=" " ind2=" ">
    <subfield code="a">Salisbury 1906, c2001:</subfield>
    <subfield code="b">t.p. (South Western Circle) inside back cover (formed in 1962 as a correspondence group to co-ordinate and share the results of research into the London and South Western Railway)</subfield>
  </datafield>
</record>